<?xml version="1.0" encoding="UTF-8"?><collection xmlns="http://www.loc.gov/MARC21/slim"><record><leader>00446nam--2200157-i-4500</leader><controlfield tag="001">000007068</controlfield><controlfield tag="002">20161230</controlfield><controlfield tag="005">20161230201027</controlfield><controlfield tag="008">060222s1000------------r-----000-0-eng-d</controlfield><datafield ind1=" " ind2=" " tag="040"><subfield code="a">IFIN-HH</subfield></datafield><datafield ind1="1" ind2=" " tag="100"><subfield code="a">Baatard, Francois</subfield></datafield><datafield ind1="1" ind2="0" tag="245"><subfield code="a">Structure generale d'une mecanique de la diffusion. these</subfield><subfield code="c">Francois Baatard</subfield></datafield><datafield ind1=" " ind2=" " tag="260"><subfield code="a">Zurich, L Ecole Polytechnique Federale, 1963</subfield></datafield><datafield ind1=" " ind2=" " tag="300"><subfield code="a">127P</subfield></datafield><datafield ind1=" " ind2=" " tag="852"><subfield code="a">20726</subfield><subfield code="c">532</subfield></datafield><datafield ind1=" " ind2=" " tag="CAT"><subfield code="a">Sys</subfield><subfield code="c">20100713</subfield><subfield code="h">144104</subfield></datafield></record></collection>